<collection xmlns="http://www.loc.gov/MARC21/slim">
   <record>
      <leader>08096cam a2200649 i 4500</leader>
      <controlfield tag="001">6754316</controlfield>
      <controlfield tag="003">OCoLC</controlfield>
      <controlfield tag="005">20141205034154.2</controlfield>
      <controlfield tag="006">m     o  d        </controlfield>
      <controlfield tag="007">cr |||||||||||</controlfield>
      <controlfield tag="008">141031t20152015paua    ob    001 0 eng d</controlfield>
      <datafield ind1=" " ind2=" " tag="020">
         <subfield code="a">9780323278188</subfield>
         <subfield code="q">electronic bk.</subfield>
      </datafield>
      <datafield ind1=" " ind2=" " tag="020">
         <subfield code="a">0323278183</subfield>
         <subfield code="q">electronic bk.</subfield>
      </datafield>
      <datafield ind1=" " ind2=" " tag="020">
         <subfield code="z">9781455708130</subfield>
         <subfield code="q">hardcover : alk. paper</subfield>
      </datafield>
      <datafield ind1=" " ind2=" " tag="020">
         <subfield code="z">1455708135</subfield>
         <subfield code="q">hardcover : alk. paper</subfield>
      </datafield>
      <datafield ind1=" " ind2=" " tag="035">
         <subfield code="a">ocn894113409</subfield>
      </datafield>
      <datafield ind1=" " ind2=" " tag="039">
         <subfield code="a">exclude</subfield>
      </datafield>
      <datafield ind1=" " ind2=" " tag="040">
         <subfield code="a">OPELS</subfield>
         <subfield code="b">eng</subfield>
         <subfield code="e">rda</subfield>
         <subfield code="e">pn</subfield>
         <subfield code="c">OPELS</subfield>
         <subfield code="d">MMU</subfield>
         <subfield code="d">OPELS</subfield>
         <subfield code="d">AEU</subfield>
      </datafield>
      <datafield ind1=" " ind2="4" tag="050">
         <subfield code="a">RC925.7</subfield>
      </datafield>
      <datafield ind1="1" ind2="4" tag="060">
         <subfield code="a">WE 141</subfield>
      </datafield>
      <datafield ind1="0" ind2="4" tag="082">
         <subfield code="a">616.7/0754</subfield>
         <subfield code="2">23</subfield>
      </datafield>
      <datafield ind1=" " ind2=" " tag="090">
         <subfield code="a">Internet Access</subfield>
         <subfield code="b">AEU</subfield>
      </datafield>
      <datafield ind1="0" ind2=" " tag="130">
         <subfield code="a">Imaging of the musculoskeletal system.</subfield>
         <subfield code="0">http://viaf.org/viaf/214149066587265601828</subfield>
      </datafield>
      <datafield ind1="1" ind2="0" tag="245">
         <subfield code="a">Musculoskeletal imaging /</subfield>
         <subfield code="c">[edited by] Thomas L. Pope, Hans L. Bloem, Javier Beltran, William B. Morrison, and David J. Wilson.</subfield>
      </datafield>
      <datafield ind1=" " ind2=" " tag="250">
         <subfield code="a">2 edition.</subfield>
      </datafield>
      <datafield ind1=" " ind2="1" tag="264">
         <subfield code="a">Philadelphia, PA :</subfield>
         <subfield code="b">Elsevier\Saunders,</subfield>
         <subfield code="c">[2015]</subfield>
      </datafield>
      <datafield ind1=" " ind2="4" tag="264">
         <subfield code="c">©2015</subfield>
      </datafield>
      <datafield ind1=" " ind2=" " tag="300">
         <subfield code="a">1 online resource :</subfield>
         <subfield code="b">illustrations (some color)</subfield>
      </datafield>
      <datafield ind1=" " ind2=" " tag="336">
         <subfield code="a">text</subfield>
         <subfield code="b">txt</subfield>
         <subfield code="2">rdacontent</subfield>
         <subfield code="0">http://id.loc.gov/vocabulary/contentTypes/txt</subfield>
      </datafield>
      <datafield ind1=" " ind2=" " tag="337">
         <subfield code="a">computer</subfield>
         <subfield code="b">c</subfield>
         <subfield code="2">rdamedia</subfield>
         <subfield code="0">http://id.loc.gov/vocabulary/mediaTypes/c</subfield>
      </datafield>
      <datafield ind1=" " ind2=" " tag="338">
         <subfield code="a">online resource</subfield>
         <subfield code="b">cr</subfield>
         <subfield code="2">rdacarrier</subfield>
         <subfield code="0">http://id.loc.gov/vocabulary/carriers/cr</subfield>
      </datafield>
      <datafield ind1="1" ind2=" " tag="490">
         <subfield code="a">Expert radiology</subfield>
      </datafield>
      <datafield ind1=" " ind2=" " tag="500">
         <subfield code="a">Preceded by: Imaging of the musculoskeletal system / [edited by] Thomas Lee Pope Jr. ... [et al.]. c2008.</subfield>
      </datafield>
      <datafield ind1=" " ind2=" " tag="504">
         <subfield code="a">Includes bibliographical references.</subfield>
      </datafield>
      <datafield ind1="0" ind2=" " tag="505">
         <subfield code="a">General imaging principles -- General principles of osseous injury -- Imaging of facial and skull trauma -- Cervical spine injuries -- Injury of the thoracic cage and thoracolumbar spine -- Normal shoulder -- Osseous injuries of the shoulder girdle -- Shoulder impingement syndromes -- Glenohumeral instability -- Normal elbow -- Acute osseous injury of the elbow and forearm -- Soft tissue injury to the elbow -- Normal wrist -- Acute osseous injury to the wrist -- Internal derangement of the wrist -- Acute osseous trauma to the hand -- Compressive and entrapment neuropathies of the upper extremities -- Soft tissue injuries of the hand and wrist -- Normal pelvis and hip -- Acute osseous injury to the pelvis and acetabulum -- Athletic pubalgia -- Acute osseous injury to the hip and proximal femur -- Internal derangement of the hip and proximal femur -- Normal knee -- Acute osseous injury to the knee -- Internal derangement of the knee : meniscal injuries -- Internal derangement of the knee : ligament injuries -- Internal derangement of the knee : tendon injuries -- Internal derangement of the knee : cartilage and osteochondral injuries -- Normal ankle and foot -- Acute osseous injury to the ankle and foot -- Soft tissue injury to the ankle : ligament injuries -- Soft tissue injury to the ankle : tendon injuries -- Soft tissue injury to the ankle : osteochondral injuries and impingement -- Compressive and entrapment neuropathies of the lower extremity -- Imaging of the forefoot -- Lower extremity injuries in children -- Upper extremity injuries in children -- Skeletal manifestations of pediatric nonaccidental injury -- Stress injury -- Radiation effects in the musculoskeletal system * -- Complications of osseous trauma -- Muscle injury and sequelae -- Complex regional pain syndrome -- Degenerative disorders of the spine -- Aging -- Degenerative disease : physiology and advanced imaging -- Rheumatoid arthritis -- Psoriatic arthritis and psoriatic spondyloarthropathy -- Reactive arthritis -- Ankylosing spondylitis -- Progressive scleroderma -- Systemic lupus erythematosus -- Mixed connective tissue disease -- Juvenile idiopathic arthritis -- Idiopathic inflammatory myopathy -- Hemochromatosis -- Ochronosis -- Diffuse idiopathic skeletal hyperostosis and ossification of the posterior longitudinal ligament -- Gout -- Crystal-related arthritis -- Neuropathic osteoarthropathy -- Noninflammatory intraarticular pathology -- Soft tissue infection : cellulitis, pyomyositis, abscess, septic arthritis -- Appendicular infection -- Spinal infection -- Diabetic pedal infection -- Pediatric infections --</subfield>
      </datafield>
      <datafield ind1="0" ind2=" " tag="505">
         <subfield code="a">HIV infection and aids -- Atypical mycobacterial infection -- General principles of MRI of the bone marrow -- Ischemic bone lesions -- Hemophilia and related disorders -- Sickle cell anemia -- Thalassemia -- Myelofibrosis -- Osteoporosis -- Hyperparathyroidism, renal osteodystrophy, osteomalacia, and rickets -- Amyloidosis -- Pituitary and thyroid disorders -- Gaucher disease -- Storage diseases -- Osteogenesis imperfecta -- Marfan syndrome -- Paget disease -- Hypertrophic osteoarthropathy -- Sarcoidosis -- Tuberous sclerosis -- Drug-related bone and soft tissue disorders -- The patient with a tumor or a tumor-like lesion of bone -- The patient with a soft tissue lump -- Primary bone tumors -- Myeloma -- Tumor-like lesions of bone -- Soft tissue tumors -- Tumor-like soft tissue lesions -- Metastatic disease -- Treatment strategies for musculoskeletal tumors and tumor-like lesions -- Staging bone and soft tissue tumors -- Monitoring therapy in bone and soft tissue tumors -- Focal growth disturbances -- Developmental dysplasia of the hip -- Coalitions -- Dysplasias -- Spinal deformity -- Principles and complications of orthopedic hardware -- Postoperative shoulder -- Postoperative elbow, wrist, and hand -- Postoperative hip -- Postoperative knee -- Postoperative ankle and foot -- Imaging of the residual limb after amputation -- Postoperative infections -- Temporomandibular joint -- Dental imaging -- Normal variants -- Biopsy : soft tissue -- Percutaneous biopsy of the appendicular skeleton -- Percutaneous biopsy of the spine -- Tumor ablation -- Spinal injections -- Discography -- Vertebroplasty and kyphoplasty -- Percutaneous intradiskal therapies -- Ultrasound procedures -- Measurements most frequently used in orthopedic imaging -- Orthopedic devices -- Fractures with names -- Diseases with names -- Classic signs and findings in musculoskeletal radiology.</subfield>
      </datafield>
      <datafield ind1=" " ind2=" " tag="506">
         <subfield code="a">Access restricted to authorized users and institutions.</subfield>
      </datafield>
      <datafield ind1="0" ind2=" " tag="588">
         <subfield code="a">Description based on online resource; title from digital title page (ClinicalKey, viewed on November 14, 2014).</subfield>
      </datafield>
      <datafield ind1=" " ind2=" " tag="596">
         <subfield code="a">44</subfield>
      </datafield>
      <datafield ind1=" " ind2="0" tag="650">
         <subfield code="a">Musculoskeletal system</subfield>
         <subfield code="x">Imaging.</subfield>
         <subfield code="0">http://id.loc.gov/authorities/subjects/sh2010102739</subfield>
      </datafield>
      <datafield ind1=" " ind2="0" tag="650">
         <subfield code="a">Musculoskeletal system</subfield>
         <subfield code="x">Diseases</subfield>
         <subfield code="x">Diagnosis.</subfield>
         <subfield code="0">http://id.loc.gov/authorities/subjects/sh2010102737</subfield>
      </datafield>
      <datafield ind1="1" ind2="2" tag="650">
         <subfield code="a">Musculoskeletal Diseases</subfield>
         <subfield code="x">diagnosis.</subfield>
         <subfield code="0">http://id.nlm.nih.gov/mesh/D009140Q000175</subfield>
      </datafield>
      <datafield ind1="2" ind2="2" tag="650">
         <subfield code="a">Diagnostic Imaging</subfield>
         <subfield code="x">methods.</subfield>
         <subfield code="0">http://id.nlm.nih.gov/mesh/D003952Q000379</subfield>
      </datafield>
      <datafield ind1="2" ind2="2" tag="650">
         <subfield code="a">Musculoskeletal Diseases</subfield>
         <subfield code="x">radiography.</subfield>
      </datafield>
      <datafield ind1="2" ind2="2" tag="650">
         <subfield code="a">Musculoskeletal System</subfield>
         <subfield code="x">injuries.</subfield>
         <subfield code="0">http://id.nlm.nih.gov/mesh/D009141Q000293</subfield>
      </datafield>
      <datafield ind1="1" ind2=" " tag="700">
         <subfield code="a">Pope, Thomas Lee,</subfield>
         <subfield code="c">Jr.,</subfield>
         <subfield code="e">editor.</subfield>
         <subfield code="0">http://id.loc.gov/authorities/names/n87833350</subfield>
         <subfield code="0">http://viaf.org/viaf/3331927</subfield>
      </datafield>
      <datafield ind1="1" ind2=" " tag="700">
         <subfield code="a">Bloem, Hans L.,</subfield>
         <subfield code="e">editor.</subfield>
         <subfield code="0">http://id.loc.gov/authorities/names/n2014186380</subfield>
         <subfield code="0">http://viaf.org/viaf/309830025</subfield>
      </datafield>
      <datafield ind1="1" ind2=" " tag="700">
         <subfield code="a">Beltran, Javier</subfield>
         <subfield code="c">(Professor of radiology),</subfield>
         <subfield code="e">editor.</subfield>
         <subfield code="0">http://id.loc.gov/authorities/names/n2014185727</subfield>
         <subfield code="0">http://viaf.org/viaf/309829498</subfield>
      </datafield>
      <datafield ind1="1" ind2=" " tag="700">
         <subfield code="a">Morrison, William B.,</subfield>
         <subfield code="e">editor.</subfield>
         <subfield code="0">http://id.loc.gov/authorities/names/n2007180583</subfield>
         <subfield code="0">http://viaf.org/viaf/51149303</subfield>
      </datafield>
      <datafield ind1="1" ind2=" " tag="700">
         <subfield code="a">Wilson, David J.</subfield>
         <subfield code="q">(David John),</subfield>
         <subfield code="d">1952-</subfield>
         <subfield code="e">editor.</subfield>
         <subfield code="0">http://id.loc.gov/authorities/names/n96018758</subfield>
         <subfield code="0">http://viaf.org/viaf/114844002</subfield>
      </datafield>
      <datafield ind1="0" ind2=" " tag="730">
         <subfield code="i">Revision of:</subfield>
         <subfield code="a">Imaging of the musculoskeletal system.</subfield>
         <subfield code="0">http://viaf.org/viaf/214149066587265601828</subfield>
      </datafield>
      <datafield ind1=" " ind2=" " tag="758">
         <subfield code="0">http://worldcat.org/entity/work/id/23647710</subfield>
      </datafield>
      <datafield ind1="0" ind2=" " tag="787">
         <subfield code="n">OCLC Work Id</subfield>
         <subfield code="o">http://worldcat.org/entity/work/id/23647710</subfield>
      </datafield>
      <datafield ind1=" " ind2="0" tag="830">
         <subfield code="a">Expert radiology series.</subfield>
         <subfield code="0">http://id.loc.gov/authorities/names/no2008060489</subfield>
      </datafield>
      <datafield ind1="4" ind2="0" tag="856">
         <subfield code="3">University of Alberta Access</subfield>
         <subfield code="u">https://www.clinicalkey.com/dura/browse/bookChapter/3-s2.0-C20100686676</subfield>
      </datafield>
      <datafield ind1=" " ind2=" " tag="949">
         <subfield code="h">UAIN</subfield>
         <subfield code="z">CKEY</subfield>
      </datafield>
      <datafield ind1=" " ind2=" " tag="926">
         <subfield code="a">Internet Access</subfield>
         <subfield code="w">LC</subfield>
         <subfield code="c">1</subfield>
         <subfield code="i">6754316-1001</subfield>
         <subfield code="l">INTERNET</subfield>
         <subfield code="m">UAINTERNET</subfield>
         <subfield code="r">Y</subfield>
         <subfield code="s">Y</subfield>
         <subfield code="t">E-RESOURCE</subfield>
         <subfield code="u">12/8/2014</subfield>
         <subfield code="x">E-BOOK</subfield>
         <subfield code="z">CKEY</subfield>
      </datafield>
   </record>
</collection>
